%YAML 1.1
%TAG !u! tag:unity3d.com,2011:
--- !u!1 &247618871876508645
GameObject:
  m_ObjectHideFlags: 0
  m_CorrespondingSourceObject: {fileID: 0}
  m_PrefabInstance: {fileID: 0}
  m_PrefabAsset: {fileID: 0}
  serializedVersion: 6
  m_Component:
  - component: {fileID: 3833937490938898934}
  - component: {fileID: 5219644938428879808}
  - component: {fileID: 1969038416497864505}
  - component: {fileID: 8092499155956433555}
  - component: {fileID: 8195415541100814636}
  - component: {fileID: 2031480211419894470}
  - component: {fileID: 1406774629817202657}
  - component: {fileID: 2960648984695141110}
  - component: {fileID: 7131432303923139751}
  - component: {fileID: 1045227301733882776}
  - component: {fileID: 4557362263928059212}
  m_Layer: 0
  m_Name: RoomBL
  m_TagString: Untagged
  m_Icon: {fileID: 0}
  m_NavMeshLayer: 0
  m_StaticEditorFlags: 0
  m_IsActive: 1
--- !u!4 &3833937490938898934
Transform:
  m_ObjectHideFlags: 0
  m_CorrespondingSourceObject: {fileID: 0}
  m_PrefabInstance: {fileID: 0}
  m_PrefabAsset: {fileID: 0}
  m_GameObject: {fileID: 247618871876508645}
  m_LocalRotation: {x: 0, y: 0.7071068, z: 0, w: 0.7071068}
  m_LocalPosition: {x: 0, y: 0, z: 0}
  m_LocalScale: {x: 250, y: 100, z: 250}
  m_Children:
  - {fileID: 8092499155017505991}
  - {fileID: 8092499155157508023}
  - {fileID: 8092499155962991722}
  - {fileID: 288643226210378318}
  - {fileID: 1548418992041012473}
  - {fileID: 2749986383135936417}
  - {fileID: 4426412431484150891}
  - {fileID: 6713500762978212693}
  - {fileID: 4785911798757654137}
  - {fileID: 5878217939313918206}
  - {fileID: 5641985684161294543}
  - {fileID: 2073527489273608761}
  - {fileID: 7275570301430161270}
  - {fileID: 8515788901216125808}
  - {fileID: 6446418704149847073}
  - {fileID: 2907328613477838646}
  - {fileID: 3748683660537080749}
  - {fileID: 4788596649397485677}
  m_Father: {fileID: 0}
  m_RootOrder: 0
  m_LocalEulerAnglesHint: {x: 0, y: 90, z: 0}
--- !u!33 &5219644938428879808
MeshFilter:
  m_ObjectHideFlags: 0
  m_CorrespondingSourceObject: {fileID: 0}
  m_PrefabInstance: {fileID: 0}
  m_PrefabAsset: {fileID: 0}
  m_GameObject: {fileID: 247618871876508645}
  m_Mesh: {fileID: -8213443026856553256, guid: e7123473bf5936548a22f11abae0742a, type: 3}
--- !u!23 &1969038416497864505
MeshRenderer:
  m_ObjectHideFlags: 0
  m_CorrespondingSourceObject: {fileID: 0}
  m_PrefabInstance: {fileID: 0}
  m_PrefabAsset: {fileID: 0}
  m_GameObject: {fileID: 247618871876508645}
  m_Enabled: 1
  m_CastShadows: 1
  m_ReceiveShadows: 1
  m_DynamicOccludee: 1
  m_MotionVectors: 1
  m_LightProbeUsage: 1
  m_ReflectionProbeUsage: 1
  m_RayTracingMode: 2
  m_RenderingLayerMask: 1
  m_RendererPriority: 0
  m_Materials:
  - {fileID: -8469494145858465668, guid: e7123473bf5936548a22f11abae0742a, type: 3}
  m_StaticBatchInfo:
    firstSubMesh: 0
    subMeshCount: 0
  m_StaticBatchRoot: {fileID: 0}
  m_ProbeAnchor: {fileID: 0}
  m_LightProbeVolumeOverride: {fileID: 0}
  m_ScaleInLightmap: 1
  m_ReceiveGI: 1
  m_PreserveUVs: 0
  m_IgnoreNormalsForChartDetection: 0
  m_ImportantGI: 0
  m_StitchLightmapSeams: 1
  m_SelectedEditorRenderState: 3
  m_MinimumChartSize: 4
  m_AutoUVMaxDistance: 0.5
  m_AutoUVMaxAngle: 89
  m_LightmapParameters: {fileID: 0}
  m_SortingLayerID: 0
  m_SortingLayer: 0
  m_SortingOrder: 0
--- !u!114 &8092499155956433555
MonoBehaviour:
  m_ObjectHideFlags: 0
  m_CorrespondingSourceObject: {fileID: 0}
  m_PrefabInstance: {fileID: 0}
  m_PrefabAsset: {fileID: 0}
  m_GameObject: {fileID: 247618871876508645}
  m_Enabled: 1
  m_EditorHideFlags: 0
  m_Script: {fileID: 11500000, guid: 9b1c01a6c4fb010498d7f827ed85f446, type: 3}
  m_Name: 
  m_EditorClassIdentifier: 
--- !u!65 &8195415541100814636
BoxCollider:
  m_ObjectHideFlags: 0
  m_CorrespondingSourceObject: {fileID: 0}
  m_PrefabInstance: {fileID: 0}
  m_PrefabAsset: {fileID: 0}
  m_GameObject: {fileID: 247618871876508645}
  m_Material: {fileID: 0}
  m_IsTrigger: 0
  m_Enabled: 1
  serializedVersion: 2
  m_Size: {x: 0.099999964, y: 0.001687026, z: 0.099999964}
  m_Center: {x: -1.2705394e-24, y: 0.0008435225, z: 0.0000000038146974}
--- !u!65 &2031480211419894470
BoxCollider:
  m_ObjectHideFlags: 0
  m_CorrespondingSourceObject: {fileID: 0}
  m_PrefabInstance: {fileID: 0}
  m_PrefabAsset: {fileID: 0}
  m_GameObject: {fileID: 247618871876508645}
  m_Material: {fileID: 0}
  m_IsTrigger: 0
  m_Enabled: 1
  serializedVersion: 2
  m_Size: {x: 0.099999964, y: 0.040999997, z: 0.0052011474}
  m_Center: {x: 2.0305227e-16, y: 0.020500008, z: 0.047399454}
--- !u!65 &1406774629817202657
BoxCollider:
  m_ObjectHideFlags: 0
  m_CorrespondingSourceObject: {fileID: 0}
  m_PrefabInstance: {fileID: 0}
  m_PrefabAsset: {fileID: 0}
  m_GameObject: {fileID: 247618871876508645}
  m_Material: {fileID: 0}
  m_IsTrigger: 0
  m_Enabled: 1
  serializedVersion: 2
  m_Size: {x: 0.005107283, y: 0.040999997, z: 0.099999964}
  m_Center: {x: -0.047446504, y: 0.020500008, z: 0.000000003814697}
--- !u!65 &2960648984695141110
BoxCollider:
  m_ObjectHideFlags: 0
  m_CorrespondingSourceObject: {fileID: 0}
  m_PrefabInstance: {fileID: 0}
  m_PrefabAsset: {fileID: 0}
  m_GameObject: {fileID: 247618871876508645}
  m_Material: {fileID: 0}
  m_IsTrigger: 0
  m_Enabled: 1
  serializedVersion: 2
  m_Size: {x: 0.036843833, y: 0.040999997, z: 0.0049667647}
  m_Center: {x: -0.031578135, y: 0.020500008, z: -0.04751683}
--- !u!65 &7131432303923139751
BoxCollider:
  m_ObjectHideFlags: 0
  m_CorrespondingSourceObject: {fileID: 0}
  m_PrefabInstance: {fileID: 0}
  m_PrefabAsset: {fileID: 0}
  m_GameObject: {fileID: 247618871876508645}
  m_Material: {fileID: 0}
  m_IsTrigger: 0
  m_Enabled: 1
  serializedVersion: 2
  m_Size: {x: 0.03691503, y: 0.040999997, z: 0.004455321}
  m_Center: {x: 0.031542458, y: 0.020500008, z: -0.04777257}
--- !u!65 &1045227301733882776
BoxCollider:
  m_ObjectHideFlags: 0
  m_CorrespondingSourceObject: {fileID: 0}
  m_PrefabInstance: {fileID: 0}
  m_PrefabAsset: {fileID: 0}
  m_GameObject: {fileID: 247618871876508645}
  m_Material: {fileID: 0}
  m_IsTrigger: 0
  m_Enabled: 1
  serializedVersion: 2
  m_Size: {x: 0.0052361283, y: 0.040999997, z: 0.037029777}
  m_Center: {x: 0.047382217, y: 0.020500008, z: -0.031485092}
--- !u!65 &4557362263928059212
BoxCollider:
  m_ObjectHideFlags: 0
  m_CorrespondingSourceObject: {fileID: 0}
  m_PrefabInstance: {fileID: 0}
  m_PrefabAsset: {fileID: 0}
  m_GameObject: {fileID: 247618871876508645}
  m_Material: {fileID: 0}
  m_IsTrigger: 0
  m_Enabled: 1
  serializedVersion: 2
  m_Size: {x: 0.0049860366, y: 0.040999997, z: 0.03689471}
  m_Center: {x: 0.04750713, y: 0.020500008, z: 0.031552617}
--- !u!1 &8092499155017505990
GameObject:
  m_ObjectHideFlags: 0
  m_CorrespondingSourceObject: {fileID: 0}
  m_PrefabInstance: {fileID: 0}
  m_PrefabAsset: {fileID: 0}
  serializedVersion: 6
  m_Component:
  - component: {fileID: 8092499155017505991}
  - component: {fileID: 8092499155017505994}
  - component: {fileID: 8092499155017505989}
  - component: {fileID: 8092499155017505988}
  m_Layer: 0
  m_Name: SpawnPoint
  m_TagString: SpawnPoint
  m_Icon: {fileID: 7174288486110832750, guid: 0000000000000000d000000000000000, type: 0}
  m_NavMeshLayer: 0
  m_StaticEditorFlags: 0
  m_IsActive: 1
--- !u!4 &8092499155017505991
Transform:
  m_ObjectHideFlags: 0
  m_CorrespondingSourceObject: {fileID: 0}
  m_PrefabInstance: {fileID: 0}
  m_PrefabAsset: {fileID: 0}
  m_GameObject: {fileID: 8092499155017505990}
  m_LocalRotation: {x: -0.000000081460335, y: -0, z: -0, w: 1}
  m_LocalPosition: {x: 0.1, y: 0, z: 0}
  m_LocalScale: {x: 0.004, y: 0.01, z: 0.004}
  m_Children: []
  m_Father: {fileID: 3833937490938898934}
  m_RootOrder: 0
  m_LocalEulerAnglesHint: {x: 0, y: 0, z: 0}
--- !u!114 &8092499155017505994
MonoBehaviour:
  m_ObjectHideFlags: 0
  m_CorrespondingSourceObject: {fileID: 0}
  m_PrefabInstance: {fileID: 0}
  m_PrefabAsset: {fileID: 0}
  m_GameObject: {fileID: 8092499155017505990}
  m_Enabled: 1
  m_EditorHideFlags: 0
  m_Script: {fileID: 11500000, guid: 68d1ae77d723a7643bc45184d5510252, type: 3}
  m_Name: 
  m_EditorClassIdentifier: 
  surface: {fileID: 0}
  openingDir: 2
  waittTime: 4
--- !u!54 &8092499155017505989
Rigidbody:
  m_ObjectHideFlags: 0
  m_CorrespondingSourceObject: {fileID: 0}
  m_PrefabInstance: {fileID: 0}
  m_PrefabAsset: {fileID: 0}
  m_GameObject: {fileID: 8092499155017505990}
  serializedVersion: 2
  m_Mass: 1
  m_Drag: 0
  m_AngularDrag: 0.05
  m_UseGravity: 1
  m_IsKinematic: 1
  m_Interpolate: 0
  m_Constraints: 0
  m_CollisionDetection: 0
--- !u!65 &8092499155017505988
BoxCollider:
  m_ObjectHideFlags: 0
  m_CorrespondingSourceObject: {fileID: 0}
  m_PrefabInstance: {fileID: 0}
  m_PrefabAsset: {fileID: 0}
  m_GameObject: {fileID: 8092499155017505990}
  m_Material: {fileID: 0}
  m_IsTrigger: 1
  m_Enabled: 1
  serializedVersion: 2
  m_Size: {x: 1, y: 1, z: 1}
  m_Center: {x: 0, y: 0, z: 0}
--- !u!1 &8092499155157508022
GameObject:
  m_ObjectHideFlags: 0
  m_CorrespondingSourceObject: {fileID: 0}
  m_PrefabInstance: {fileID: 0}
  m_PrefabAsset: {fileID: 0}
  serializedVersion: 6
  m_Component:
  - component: {fileID: 8092499155157508023}
  - component: {fileID: 8092499155157508026}
  - component: {fileID: 8092499155157508021}
  - component: {fileID: 8092499155157508020}
  m_Layer: 0
  m_Name: SpawnPoint (3)
  m_TagString: SpawnPoint
  m_Icon: {fileID: 7174288486110832750, guid: 0000000000000000d000000000000000, type: 0}
  m_NavMeshLayer: 0
  m_StaticEditorFlags: 0
  m_IsActive: 1
--- !u!4 &8092499155157508023
Transform:
  m_ObjectHideFlags: 0
  m_CorrespondingSourceObject: {fileID: 0}
  m_PrefabInstance: {fileID: 0}
  m_PrefabAsset: {fileID: 0}
  m_GameObject: {fileID: 8092499155157508022}
  m_LocalRotation: {x: -0.000000081460335, y: -0, z: -0, w: 1}
  m_LocalPosition: {x: 0, y: 0, z: -0.1}
  m_LocalScale: {x: 0.004, y: 0.01, z: 0.004}
  m_Children: []
  m_Father: {fileID: 3833937490938898934}
  m_RootOrder: 1
  m_LocalEulerAnglesHint: {x: 0, y: 0, z: 0}
--- !u!114 &8092499155157508026
MonoBehaviour:
  m_ObjectHideFlags: 0
  m_CorrespondingSourceObject: {fileID: 0}
  m_PrefabInstance: {fileID: 0}
  m_PrefabAsset: {fileID: 0}
  m_GameObject: {fileID: 8092499155157508022}
  m_Enabled: 1
  m_EditorHideFlags: 0
  m_Script: {fileID: 11500000, guid: 68d1ae77d723a7643bc45184d5510252, type: 3}
  m_Name: 
  m_EditorClassIdentifier: 
  surface: {fileID: 0}
  openingDir: 4
  waittTime: 4
--- !u!54 &8092499155157508021
Rigidbody:
  m_ObjectHideFlags: 0
  m_CorrespondingSourceObject: {fileID: 0}
  m_PrefabInstance: {fileID: 0}
  m_PrefabAsset: {fileID: 0}
  m_GameObject: {fileID: 8092499155157508022}
  serializedVersion: 2
  m_Mass: 1
  m_Drag: 0
  m_AngularDrag: 0.05
  m_UseGravity: 1
  m_IsKinematic: 1
  m_Interpolate: 0
  m_Constraints: 0
  m_CollisionDetection: 0
--- !u!65 &8092499155157508020
BoxCollider:
  m_ObjectHideFlags: 0
  m_CorrespondingSourceObject: {fileID: 0}
  m_PrefabInstance: {fileID: 0}
  m_PrefabAsset: {fileID: 0}
  m_GameObject: {fileID: 8092499155157508022}
  m_Material: {fileID: 0}
  m_IsTrigger: 1
  m_Enabled: 1
  serializedVersion: 2
  m_Size: {x: 1, y: 1, z: 1}
  m_Center: {x: 0, y: 0, z: 0}
--- !u!1 &8092499155962991717
GameObject:
  m_ObjectHideFlags: 0
  m_CorrespondingSourceObject: {fileID: 0}
  m_PrefabInstance: {fileID: 0}
  m_PrefabAsset: {fileID: 0}
  serializedVersion: 6
  m_Component:
  - component: {fileID: 8092499155962991722}
  - component: {fileID: 8092499155962991721}
  - component: {fileID: 8092499155962991720}
  - component: {fileID: 8092499155962991723}
  m_Layer: 0
  m_Name: Destroyer
  m_TagString: SpawnPoint
  m_Icon: {fileID: 7174288486110832750, guid: 0000000000000000d000000000000000, type: 0}
  m_NavMeshLayer: 0
  m_StaticEditorFlags: 0
  m_IsActive: 1
--- !u!4 &8092499155962991722
Transform:
  m_ObjectHideFlags: 0
  m_CorrespondingSourceObject: {fileID: 0}
  m_PrefabInstance: {fileID: 0}
  m_PrefabAsset: {fileID: 0}
  m_GameObject: {fileID: 8092499155962991717}
  m_LocalRotation: {x: -0.000000081460335, y: -0, z: -0, w: 1}
  m_LocalPosition: {x: 0, y: 0.07, z: 0}
  m_LocalScale: {x: 0.004, y: 0.01, z: 0.004}
  m_Children: []
  m_Father: {fileID: 3833937490938898934}
  m_RootOrder: 2
  m_LocalEulerAnglesHint: {x: 0, y: 0, z: 0}
--- !u!54 &8092499155962991721
Rigidbody:
  m_ObjectHideFlags: 0
  m_CorrespondingSourceObject: {fileID: 0}
  m_PrefabInstance: {fileID: 0}
  m_PrefabAsset: {fileID: 0}
  m_GameObject: {fileID: 8092499155962991717}
  serializedVersion: 2
  m_Mass: 1
  m_Drag: 0
  m_AngularDrag: 0.05
  m_UseGravity: 1
  m_IsKinematic: 1
  m_Interpolate: 0
  m_Constraints: 0
  m_CollisionDetection: 0
--- !u!65 &8092499155962991720
BoxCollider:
  m_ObjectHideFlags: 0
  m_CorrespondingSourceObject: {fileID: 0}
  m_PrefabInstance: {fileID: 0}
  m_PrefabAsset: {fileID: 0}
  m_GameObject: {fileID: 8092499155962991717}
  m_Material: {fileID: 0}
  m_IsTrigger: 1
  m_Enabled: 1
  serializedVersion: 2
  m_Size: {x: 1, y: 1, z: 1}
  m_Center: {x: 0, y: 0, z: 0}
--- !u!114 &8092499155962991723
MonoBehaviour:
  m_ObjectHideFlags: 0
  m_CorrespondingSourceObject: {fileID: 0}
  m_PrefabInstance: {fileID: 0}
  m_PrefabAsset: {fileID: 0}
  m_GameObject: {fileID: 8092499155962991717}
  m_Enabled: 1
  m_EditorHideFlags: 0
  m_Script: {fileID: 11500000, guid: fa7ee81735f34d2468fc24d85cc2a4c9, type: 3}
  m_Name: 
  m_EditorClassIdentifier: 
--- !u!1001 &200067687337344509
PrefabInstance:
  m_ObjectHideFlags: 0
  serializedVersion: 2
  m_Modification:
    m_TransformParent: {fileID: 3833937490938898934}
    m_Modifications:
    - target: {fileID: 4660154608290251652, guid: c8e5a97d4b9d0064b941d02f88549521,
        type: 3}
      propertyPath: m_LocalPosition.x
      value: -0.02533
      objectReference: {fileID: 0}
    - target: {fileID: 4660154608290251652, guid: c8e5a97d4b9d0064b941d02f88549521,
        type: 3}
      propertyPath: m_LocalPosition.y
      value: -0
      objectReference: {fileID: 0}
    - target: {fileID: 4660154608290251652, guid: c8e5a97d4b9d0064b941d02f88549521,
        type: 3}
      propertyPath: m_LocalPosition.z
      value: -0.041
      objectReference: {fileID: 0}
    - target: {fileID: 4660154608290251652, guid: c8e5a97d4b9d0064b941d02f88549521,
        type: 3}
      propertyPath: m_LocalRotation.x
      value: 0.00000005760116
      objectReference: {fileID: 0}
    - target: {fileID: 4660154608290251652, guid: c8e5a97d4b9d0064b941d02f88549521,
        type: 3}
      propertyPath: m_LocalRotation.y
      value: -0.7071068
      objectReference: {fileID: 0}
    - target: {fileID: 4660154608290251652, guid: c8e5a97d4b9d0064b941d02f88549521,
        type: 3}
      propertyPath: m_LocalRotation.z
      value: 0.00000005760116
      objectReference: {fileID: 0}
    - target: {fileID: 4660154608290251652, guid: c8e5a97d4b9d0064b941d02f88549521,
        type: 3}
      propertyPath: m_LocalRotation.w
      value: 0.7071068
      objectReference: {fileID: 0}
    - target: {fileID: 4660154608290251652, guid: c8e5a97d4b9d0064b941d02f88549521,
        type: 3}
      propertyPath: m_RootOrder
      value: 8
      objectReference: {fileID: 0}
    - target: {fileID: 4660154608290251652, guid: c8e5a97d4b9d0064b941d02f88549521,
        type: 3}
      propertyPath: m_LocalEulerAnglesHint.x
      value: 0
      objectReference: {fileID: 0}
    - target: {fileID: 4660154608290251652, guid: c8e5a97d4b9d0064b941d02f88549521,
        type: 3}
      propertyPath: m_LocalEulerAnglesHint.y
      value: 0
      objectReference: {fileID: 0}
    - target: {fileID: 4660154608290251652, guid: c8e5a97d4b9d0064b941d02f88549521,
        type: 3}
      propertyPath: m_LocalEulerAnglesHint.z
      value: 0
      objectReference: {fileID: 0}
    - target: {fileID: 4660154608290251652, guid: c8e5a97d4b9d0064b941d02f88549521,
        type: 3}
      propertyPath: m_LocalScale.x
      value: 0.39999992
      objectReference: {fileID: 0}
    - target: {fileID: 4660154608290251652, guid: c8e5a97d4b9d0064b941d02f88549521,
        type: 3}
      propertyPath: m_LocalScale.y
      value: 1
      objectReference: {fileID: 0}
    - target: {fileID: 4660154608290251652, guid: c8e5a97d4b9d0064b941d02f88549521,
        type: 3}
      propertyPath: m_LocalScale.z
      value: 0.39999992
      objectReference: {fileID: 0}
    - target: {fileID: 8572434988641595799, guid: c8e5a97d4b9d0064b941d02f88549521,
        type: 3}
      propertyPath: m_Name
      value: barrel (1)
      objectReference: {fileID: 0}
    m_RemovedComponents: []
  m_SourcePrefab: {fileID: 100100000, guid: c8e5a97d4b9d0064b941d02f88549521, type: 3}
--- !u!4 &4785911798757654137 stripped
Transform:
  m_CorrespondingSourceObject: {fileID: 4660154608290251652, guid: c8e5a97d4b9d0064b941d02f88549521,
    type: 3}
  m_PrefabInstance: {fileID: 200067687337344509}
  m_PrefabAsset: {fileID: 0}
--- !u!1001 &1242872544980681594
PrefabInstance:
  m_ObjectHideFlags: 0
  serializedVersion: 2
  m_Modification:
    m_TransformParent: {fileID: 3833937490938898934}
    m_Modifications:
    - target: {fileID: 4660154608290251652, guid: c8e5a97d4b9d0064b941d02f88549521,
        type: 3}
      propertyPath: m_LocalPosition.x
      value: -0.03033
      objectReference: {fileID: 0}
    - target: {fileID: 4660154608290251652, guid: c8e5a97d4b9d0064b941d02f88549521,
        type: 3}
      propertyPath: m_LocalPosition.y
      value: -0
      objectReference: {fileID: 0}
    - target: {fileID: 4660154608290251652, guid: c8e5a97d4b9d0064b941d02f88549521,
        type: 3}
      propertyPath: m_LocalPosition.z
      value: -0.041
      objectReference: {fileID: 0}
    - target: {fileID: 4660154608290251652, guid: c8e5a97d4b9d0064b941d02f88549521,
        type: 3}
      propertyPath: m_LocalRotation.x
      value: 0.00000005760116
      objectReference: {fileID: 0}
    - target: {fileID: 4660154608290251652, guid: c8e5a97d4b9d0064b941d02f88549521,
        type: 3}
      propertyPath: m_LocalRotation.y
      value: -0.7071068
      objectReference: {fileID: 0}
    - target: {fileID: 4660154608290251652, guid: c8e5a97d4b9d0064b941d02f88549521,
        type: 3}
      propertyPath: m_LocalRotation.z
      value: 0.00000005760116
      objectReference: {fileID: 0}
    - target: {fileID: 4660154608290251652, guid: c8e5a97d4b9d0064b941d02f88549521,
        type: 3}
      propertyPath: m_LocalRotation.w
      value: 0.7071068
      objectReference: {fileID: 0}
    - target: {fileID: 4660154608290251652, guid: c8e5a97d4b9d0064b941d02f88549521,
        type: 3}
      propertyPath: m_RootOrder
      value: 9
      objectReference: {fileID: 0}
    - target: {fileID: 4660154608290251652, guid: c8e5a97d4b9d0064b941d02f88549521,
        type: 3}
      propertyPath: m_LocalEulerAnglesHint.x
      value: 0
      objectReference: {fileID: 0}
    - target: {fileID: 4660154608290251652, guid: c8e5a97d4b9d0064b941d02f88549521,
        type: 3}
      propertyPath: m_LocalEulerAnglesHint.y
      value: 0
      objectReference: {fileID: 0}
    - target: {fileID: 4660154608290251652, guid: c8e5a97d4b9d0064b941d02f88549521,
        type: 3}
      propertyPath: m_LocalEulerAnglesHint.z
      value: 0
      objectReference: {fileID: 0}
    - target: {fileID: 4660154608290251652, guid: c8e5a97d4b9d0064b941d02f88549521,
        type: 3}
      propertyPath: m_LocalScale.x
      value: 0.39999992
      objectReference: {fileID: 0}
    - target: {fileID: 4660154608290251652, guid: c8e5a97d4b9d0064b941d02f88549521,
        type: 3}
      propertyPath: m_LocalScale.y
      value: 1
      objectReference: {fileID: 0}
    - target: {fileID: 4660154608290251652, guid: c8e5a97d4b9d0064b941d02f88549521,
        type: 3}
      propertyPath: m_LocalScale.z
      value: 0.39999992
      objectReference: {fileID: 0}
    - target: {fileID: 8572434988641595799, guid: c8e5a97d4b9d0064b941d02f88549521,
        type: 3}
      propertyPath: m_Name
      value: barrel (2)
      objectReference: {fileID: 0}
    m_RemovedComponents: []
  m_SourcePrefab: {fileID: 100100000, guid: c8e5a97d4b9d0064b941d02f88549521, type: 3}
--- !u!4 &5878217939313918206 stripped
Transform:
  m_CorrespondingSourceObject: {fileID: 4660154608290251652, guid: c8e5a97d4b9d0064b941d02f88549521,
    type: 3}
  m_PrefabInstance: {fileID: 1242872544980681594}
  m_PrefabAsset: {fileID: 0}
--- !u!1001 &1797818502887240414
PrefabInstance:
  m_ObjectHideFlags: 0
  serializedVersion: 2
  m_Modification:
    m_TransformParent: {fileID: 3833937490938898934}
    m_Modifications:
    - target: {fileID: 1389217756719288756, guid: 9ee3e94043e65eb4fa13537099e61c5a,
        type: 3}
      propertyPath: m_Name
      value: Spawn
      objectReference: {fileID: 0}
    - target: {fileID: 6523359809054536371, guid: 9ee3e94043e65eb4fa13537099e61c5a,
        type: 3}
      propertyPath: m_LocalPosition.x
      value: 0
      objectReference: {fileID: 0}
    - target: {fileID: 6523359809054536371, guid: 9ee3e94043e65eb4fa13537099e61c5a,
        type: 3}
      propertyPath: m_LocalPosition.y
      value: 0.02591
      objectReference: {fileID: 0}
    - target: {fileID: 6523359809054536371, guid: 9ee3e94043e65eb4fa13537099e61c5a,
        type: 3}
      propertyPath: m_LocalPosition.z
      value: 0
      objectReference: {fileID: 0}
    - target: {fileID: 6523359809054536371, guid: 9ee3e94043e65eb4fa13537099e61c5a,
        type: 3}
      propertyPath: m_LocalRotation.x
      value: -0.000000081460335
      objectReference: {fileID: 0}
    - target: {fileID: 6523359809054536371, guid: 9ee3e94043e65eb4fa13537099e61c5a,
        type: 3}
      propertyPath: m_LocalRotation.y
      value: -0
      objectReference: {fileID: 0}
    - target: {fileID: 6523359809054536371, guid: 9ee3e94043e65eb4fa13537099e61c5a,
        type: 3}
      propertyPath: m_LocalRotation.z
      value: -0
      objectReference: {fileID: 0}
    - target: {fileID: 6523359809054536371, guid: 9ee3e94043e65eb4fa13537099e61c5a,
        type: 3}
      propertyPath: m_LocalRotation.w
      value: 1
      objectReference: {fileID: 0}
    - target: {fileID: 6523359809054536371, guid: 9ee3e94043e65eb4fa13537099e61c5a,
        type: 3}
      propertyPath: m_RootOrder
      value: 17
      objectReference: {fileID: 0}
    - target: {fileID: 6523359809054536371, guid: 9ee3e94043e65eb4fa13537099e61c5a,
        type: 3}
      propertyPath: m_LocalEulerAnglesHint.x
      value: 0
      objectReference: {fileID: 0}
    - target: {fileID: 6523359809054536371, guid: 9ee3e94043e65eb4fa13537099e61c5a,
        type: 3}
      propertyPath: m_LocalEulerAnglesHint.y
      value: 0
      objectReference: {fileID: 0}
    - target: {fileID: 6523359809054536371, guid: 9ee3e94043e65eb4fa13537099e61c5a,
        type: 3}
      propertyPath: m_LocalEulerAnglesHint.z
      value: 0
      objectReference: {fileID: 0}
    m_RemovedComponents: []
  m_SourcePrefab: {fileID: 100100000, guid: 9ee3e94043e65eb4fa13537099e61c5a, type: 3}
--- !u!4 &4788596649397485677 stripped
Transform:
  m_CorrespondingSourceObject: {fileID: 6523359809054536371, guid: 9ee3e94043e65eb4fa13537099e61c5a,
    type: 3}
  m_PrefabInstance: {fileID: 1797818502887240414}
  m_PrefabAsset: {fileID: 0}
--- !u!1001 &2044242625271055321
PrefabInstance:
  m_ObjectHideFlags: 0
  serializedVersion: 2
  m_Modification:
    m_TransformParent: {fileID: 3833937490938898934}
    m_Modifications:
    - target: {fileID: 5691923941493894844, guid: 3bf1ef901993266488a8536ca7269371,
        type: 3}
      propertyPath: m_Name
      value: box_2 (3)
      objectReference: {fileID: 0}
    - target: {fileID: 8693811442708520111, guid: 3bf1ef901993266488a8536ca7269371,
        type: 3}
      propertyPath: m_LocalPosition.x
      value: 0.00266
      objectReference: {fileID: 0}
    - target: {fileID: 8693811442708520111, guid: 3bf1ef901993266488a8536ca7269371,
        type: 3}
      propertyPath: m_LocalPosition.y
      value: 0.01323
      objectReference: {fileID: 0}
    - target: {fileID: 8693811442708520111, guid: 3bf1ef901993266488a8536ca7269371,
        type: 3}
      propertyPath: m_LocalPosition.z
      value: 0.039
      objectReference: {fileID: 0}
    - target: {fileID: 8693811442708520111, guid: 3bf1ef901993266488a8536ca7269371,
        type: 3}
      propertyPath: m_LocalRotation.x
      value: 0.00000005760116
      objectReference: {fileID: 0}
    - target: {fileID: 8693811442708520111, guid: 3bf1ef901993266488a8536ca7269371,
        type: 3}
      propertyPath: m_LocalRotation.y
      value: -0.7071068
      objectReference: {fileID: 0}
    - target: {fileID: 8693811442708520111, guid: 3bf1ef901993266488a8536ca7269371,
        type: 3}
      propertyPath: m_LocalRotation.z
      value: 0.00000005760116
      objectReference: {fileID: 0}
    - target: {fileID: 8693811442708520111, guid: 3bf1ef901993266488a8536ca7269371,
        type: 3}
      propertyPath: m_LocalRotation.w
      value: 0.7071068
      objectReference: {fileID: 0}
    - target: {fileID: 8693811442708520111, guid: 3bf1ef901993266488a8536ca7269371,
        type: 3}
      propertyPath: m_RootOrder
      value: 12
      objectReference: {fileID: 0}
    - target: {fileID: 8693811442708520111, guid: 3bf1ef901993266488a8536ca7269371,
        type: 3}
      propertyPath: m_LocalEulerAnglesHint.x
      value: 0
      objectReference: {fileID: 0}
    - target: {fileID: 8693811442708520111, guid: 3bf1ef901993266488a8536ca7269371,
        type: 3}
      propertyPath: m_LocalEulerAnglesHint.y
      value: 0
      objectReference: {fileID: 0}
    - target: {fileID: 8693811442708520111, guid: 3bf1ef901993266488a8536ca7269371,
        type: 3}
      propertyPath: m_LocalEulerAnglesHint.z
      value: 0
      objectReference: {fileID: 0}
    - target: {fileID: 8693811442708520111, guid: 3bf1ef901993266488a8536ca7269371,
        type: 3}
      propertyPath: m_LocalScale.x
      value: 0.39999992
      objectReference: {fileID: 0}
    - target: {fileID: 8693811442708520111, guid: 3bf1ef901993266488a8536ca7269371,
        type: 3}
      propertyPath: m_LocalScale.y
      value: 1
      objectReference: {fileID: 0}
    - target: {fileID: 8693811442708520111, guid: 3bf1ef901993266488a8536ca7269371,
        type: 3}
      propertyPath: m_LocalScale.z
      value: 0.39999992
      objectReference: {fileID: 0}
    m_RemovedComponents: []
  m_SourcePrefab: {fileID: 100100000, guid: 3bf1ef901993266488a8536ca7269371, type: 3}
--- !u!4 &7275570301430161270 stripped
Transform:
  m_CorrespondingSourceObject: {fileID: 8693811442708520111, guid: 3bf1ef901993266488a8536ca7269371,
    type: 3}
  m_PrefabInstance: {fileID: 2044242625271055321}
  m_PrefabAsset: {fileID: 0}
--- !u!1001 &2127692108678240465
PrefabInstance:
  m_ObjectHideFlags: 0
  serializedVersion: 2
  m_Modification:
    m_TransformParent: {fileID: 3833937490938898934}
    m_Modifications:
    - target: {fileID: 4660154608290251652, guid: c8e5a97d4b9d0064b941d02f88549521,
        type: 3}
      propertyPath: m_LocalPosition.x
      value: -0.02033
      objectReference: {fileID: 0}
    - target: {fileID: 4660154608290251652, guid: c8e5a97d4b9d0064b941d02f88549521,
        type: 3}
      propertyPath: m_LocalPosition.y
      value: -0
      objectReference: {fileID: 0}
    - target: {fileID: 4660154608290251652, guid: c8e5a97d4b9d0064b941d02f88549521,
        type: 3}
      propertyPath: m_LocalPosition.z
      value: -0.041
      objectReference: {fileID: 0}
    - target: {fileID: 4660154608290251652, guid: c8e5a97d4b9d0064b941d02f88549521,
        type: 3}
      propertyPath: m_LocalRotation.x
      value: 0.00000005760116
      objectReference: {fileID: 0}
    - target: {fileID: 4660154608290251652, guid: c8e5a97d4b9d0064b941d02f88549521,
        type: 3}
      propertyPath: m_LocalRotation.y
      value: -0.7071068
      objectReference: {fileID: 0}
    - target: {fileID: 4660154608290251652, guid: c8e5a97d4b9d0064b941d02f88549521,
        type: 3}
      propertyPath: m_LocalRotation.z
      value: 0.00000005760116
      objectReference: {fileID: 0}
    - target: {fileID: 4660154608290251652, guid: c8e5a97d4b9d0064b941d02f88549521,
        type: 3}
      propertyPath: m_LocalRotation.w
      value: 0.7071068
      objectReference: {fileID: 0}
    - target: {fileID: 4660154608290251652, guid: c8e5a97d4b9d0064b941d02f88549521,
        type: 3}
      propertyPath: m_RootOrder
      value: 7
      objectReference: {fileID: 0}
    - target: {fileID: 4660154608290251652, guid: c8e5a97d4b9d0064b941d02f88549521,
        type: 3}
      propertyPath: m_LocalEulerAnglesHint.x
      value: 0
      objectReference: {fileID: 0}
    - target: {fileID: 4660154608290251652, guid: c8e5a97d4b9d0064b941d02f88549521,
        type: 3}
      propertyPath: m_LocalEulerAnglesHint.y
      value: 0
      objectReference: {fileID: 0}
    - target: {fileID: 4660154608290251652, guid: c8e5a97d4b9d0064b941d02f88549521,
        type: 3}
      propertyPath: m_LocalEulerAnglesHint.z
      value: 0
      objectReference: {fileID: 0}
    - target: {fileID: 4660154608290251652, guid: c8e5a97d4b9d0064b941d02f88549521,
        type: 3}
      propertyPath: m_LocalScale.x
      value: 0.39999992
      objectReference: {fileID: 0}
    - target: {fileID: 4660154608290251652, guid: c8e5a97d4b9d0064b941d02f88549521,
        type: 3}
      propertyPath: m_LocalScale.y
      value: 1
      objectReference: {fileID: 0}
    - target: {fileID: 4660154608290251652, guid: c8e5a97d4b9d0064b941d02f88549521,
        type: 3}
      propertyPath: m_LocalScale.z
      value: 0.39999992
      objectReference: {fileID: 0}
    - target: {fileID: 8572434988641595799, guid: c8e5a97d4b9d0064b941d02f88549521,
        type: 3}
      propertyPath: m_Name
      value: barrel
      objectReference: {fileID: 0}
    m_RemovedComponents: []
  m_SourcePrefab: {fileID: 100100000, guid: c8e5a97d4b9d0064b941d02f88549521, type: 3}
--- !u!4 &6713500762978212693 stripped
Transform:
  m_CorrespondingSourceObject: {fileID: 4660154608290251652, guid: c8e5a97d4b9d0064b941d02f88549521,
    type: 3}
  m_PrefabInstance: {fileID: 2127692108678240465}
  m_PrefabAsset: {fileID: 0}
--- !u!1001 &2571391366212637575
PrefabInstance:
  m_ObjectHideFlags: 0
  serializedVersion: 2
  m_Modification:
    m_TransformParent: {fileID: 2907328613477838646}
    m_Modifications:
    - target: {fileID: 1978395009166568160, guid: a0e09c86a8483d74db5608031b98a666,
        type: 3}
      propertyPath: m_Name
      value: Area Light
      objectReference: {fileID: 0}
    - target: {fileID: 6086936282288297321, guid: a0e09c86a8483d74db5608031b98a666,
        type: 3}
      propertyPath: m_LocalPosition.x
      value: 0
      objectReference: {fileID: 0}
    - target: {fileID: 6086936282288297321, guid: a0e09c86a8483d74db5608031b98a666,
        type: 3}
      propertyPath: m_LocalPosition.y
      value: 0.023339998
      objectReference: {fileID: 0}
    - target: {fileID: 6086936282288297321, guid: a0e09c86a8483d74db5608031b98a666,
        type: 3}
      propertyPath: m_LocalPosition.z
      value: 0
      objectReference: {fileID: 0}
    - target: {fileID: 6086936282288297321, guid: a0e09c86a8483d74db5608031b98a666,
        type: 3}
      propertyPath: m_LocalRotation.x
      value: -0
      objectReference: {fileID: 0}
    - target: {fileID: 6086936282288297321, guid: a0e09c86a8483d74db5608031b98a666,
        type: 3}
      propertyPath: m_LocalRotation.y
      value: -0
      objectReference: {fileID: 0}
    - target: {fileID: 6086936282288297321, guid: a0e09c86a8483d74db5608031b98a666,
        type: 3}
      propertyPath: m_LocalRotation.z
      value: -0
      objectReference: {fileID: 0}
    - target: {fileID: 6086936282288297321, guid: a0e09c86a8483d74db5608031b98a666,
        type: 3}
      propertyPath: m_LocalRotation.w
      value: 1
      objectReference: {fileID: 0}
    - target: {fileID: 6086936282288297321, guid: a0e09c86a8483d74db5608031b98a666,
        type: 3}
      propertyPath: m_RootOrder
      value: 0
      objectReference: {fileID: 0}
    - target: {fileID: 6086936282288297321, guid: a0e09c86a8483d74db5608031b98a666,
        type: 3}
      propertyPath: m_LocalEulerAnglesHint.x
      value: 90
      objectReference: {fileID: 0}
    - target: {fileID: 6086936282288297321, guid: a0e09c86a8483d74db5608031b98a666,
        type: 3}
      propertyPath: m_LocalEulerAnglesHint.y
      value: 0
      objectReference: {fileID: 0}
    - target: {fileID: 6086936282288297321, guid: a0e09c86a8483d74db5608031b98a666,
        type: 3}
      propertyPath: m_LocalEulerAnglesHint.z
      value: 0
      objectReference: {fileID: 0}
    m_RemovedComponents: []
  m_SourcePrefab: {fileID: 100100000, guid: a0e09c86a8483d74db5608031b98a666, type: 3}
--- !u!1001 &3332933886583946813
PrefabInstance:
  m_ObjectHideFlags: 0
  serializedVersion: 2
  m_Modification:
    m_TransformParent: {fileID: 3833937490938898934}
    m_Modifications:
    - target: {fileID: 1892930606890554768, guid: 8cd0bcb3286e7af4491ea97051786f81,
        type: 3}
      propertyPath: m_LocalPosition.x
      value: 0.0256
      objectReference: {fileID: 0}
    - target: {fileID: 1892930606890554768, guid: 8cd0bcb3286e7af4491ea97051786f81,
        type: 3}
      propertyPath: m_LocalPosition.y
      value: 0.0011
      objectReference: {fileID: 0}
    - target: {fileID: 1892930606890554768, guid: 8cd0bcb3286e7af4491ea97051786f81,
        type: 3}
      propertyPath: m_LocalPosition.z
      value: 0.0179
      objectReference: {fileID: 0}
    - target: {fileID: 1892930606890554768, guid: 8cd0bcb3286e7af4491ea97051786f81,
        type: 3}
      propertyPath: m_LocalRotation.x
      value: 0.00000005760116
      objectReference: {fileID: 0}
    - target: {fileID: 1892930606890554768, guid: 8cd0bcb3286e7af4491ea97051786f81,
        type: 3}
      propertyPath: m_LocalRotation.y
      value: -0.7071068
      objectReference: {fileID: 0}
    - target: {fileID: 1892930606890554768, guid: 8cd0bcb3286e7af4491ea97051786f81,
        type: 3}
      propertyPath: m_LocalRotation.z
      value: 0.00000005760116
      objectReference: {fileID: 0}
    - target: {fileID: 1892930606890554768, guid: 8cd0bcb3286e7af4491ea97051786f81,
        type: 3}
      propertyPath: m_LocalRotation.w
      value: 0.7071068
      objectReference: {fileID: 0}
    - target: {fileID: 1892930606890554768, guid: 8cd0bcb3286e7af4491ea97051786f81,
        type: 3}
      propertyPath: m_RootOrder
      value: 16
      objectReference: {fileID: 0}
    - target: {fileID: 1892930606890554768, guid: 8cd0bcb3286e7af4491ea97051786f81,
        type: 3}
      propertyPath: m_LocalEulerAnglesHint.x
      value: 0
      objectReference: {fileID: 0}
    - target: {fileID: 1892930606890554768, guid: 8cd0bcb3286e7af4491ea97051786f81,
        type: 3}
      propertyPath: m_LocalEulerAnglesHint.y
      value: 0
      objectReference: {fileID: 0}
    - target: {fileID: 1892930606890554768, guid: 8cd0bcb3286e7af4491ea97051786f81,
        type: 3}
      propertyPath: m_LocalEulerAnglesHint.z
      value: 0
      objectReference: {fileID: 0}
    - target: {fileID: 1892930606890554768, guid: 8cd0bcb3286e7af4491ea97051786f81,
        type: 3}
      propertyPath: m_LocalScale.x
      value: 0.39999992
      objectReference: {fileID: 0}
    - target: {fileID: 1892930606890554768, guid: 8cd0bcb3286e7af4491ea97051786f81,
        type: 3}
      propertyPath: m_LocalScale.y
      value: 1
      objectReference: {fileID: 0}
    - target: {fileID: 1892930606890554768, guid: 8cd0bcb3286e7af4491ea97051786f81,
        type: 3}
      propertyPath: m_LocalScale.z
      value: 0.39999992
      objectReference: {fileID: 0}
    - target: {fileID: 3179070211084773251, guid: 8cd0bcb3286e7af4491ea97051786f81,
        type: 3}
      propertyPath: m_Name
      value: torch_big (1)
      objectReference: {fileID: 0}
    m_RemovedComponents: []
  m_SourcePrefab: {fileID: 100100000, guid: 8cd0bcb3286e7af4491ea97051786f81, type: 3}
--- !u!4 &3748683660537080749 stripped
Transform:
  m_CorrespondingSourceObject: {fileID: 1892930606890554768, guid: 8cd0bcb3286e7af4491ea97051786f81,
    type: 3}
  m_PrefabInstance: {fileID: 3332933886583946813}
  m_PrefabAsset: {fileID: 0}
--- !u!1001 &3611303764776057510
PrefabInstance:
  m_ObjectHideFlags: 0
  serializedVersion: 2
  m_Modification:
    m_TransformParent: {fileID: 3833937490938898934}
    m_Modifications:
    - target: {fileID: 1892930606890554768, guid: 8cd0bcb3286e7af4491ea97051786f81,
        type: 3}
      propertyPath: m_LocalPosition.x
      value: -0.0241
      objectReference: {fileID: 0}
    - target: {fileID: 1892930606890554768, guid: 8cd0bcb3286e7af4491ea97051786f81,
        type: 3}
      propertyPath: m_LocalPosition.y
      value: 0.0019
      objectReference: {fileID: 0}
    - target: {fileID: 1892930606890554768, guid: 8cd0bcb3286e7af4491ea97051786f81,
        type: 3}
      propertyPath: m_LocalPosition.z
      value: -0.0157
      objectReference: {fileID: 0}
    - target: {fileID: 1892930606890554768, guid: 8cd0bcb3286e7af4491ea97051786f81,
        type: 3}
      propertyPath: m_LocalRotation.x
      value: 0.00000005760116
      objectReference: {fileID: 0}
    - target: {fileID: 1892930606890554768, guid: 8cd0bcb3286e7af4491ea97051786f81,
        type: 3}
      propertyPath: m_LocalRotation.y
      value: -0.7071068
      objectReference: {fileID: 0}
    - target: {fileID: 1892930606890554768, guid: 8cd0bcb3286e7af4491ea97051786f81,
        type: 3}
      propertyPath: m_LocalRotation.z
      value: 0.00000005760116
      objectReference: {fileID: 0}
    - target: {fileID: 1892930606890554768, guid: 8cd0bcb3286e7af4491ea97051786f81,
        type: 3}
      propertyPath: m_LocalRotation.w
      value: 0.7071068
      objectReference: {fileID: 0}
    - target: {fileID: 1892930606890554768, guid: 8cd0bcb3286e7af4491ea97051786f81,
        type: 3}
      propertyPath: m_RootOrder
      value: 15
      objectReference: {fileID: 0}
    - target: {fileID: 1892930606890554768, guid: 8cd0bcb3286e7af4491ea97051786f81,
        type: 3}
      propertyPath: m_LocalEulerAnglesHint.x
      value: 0
      objectReference: {fileID: 0}
    - target: {fileID: 1892930606890554768, guid: 8cd0bcb3286e7af4491ea97051786f81,
        type: 3}
      propertyPath: m_LocalEulerAnglesHint.y
      value: 0
      objectReference: {fileID: 0}
    - target: {fileID: 1892930606890554768, guid: 8cd0bcb3286e7af4491ea97051786f81,
        type: 3}
      propertyPath: m_LocalEulerAnglesHint.z
      value: 0
      objectReference: {fileID: 0}
    - target: {fileID: 1892930606890554768, guid: 8cd0bcb3286e7af4491ea97051786f81,
        type: 3}
      propertyPath: m_LocalScale.x
      value: 0.39999992
      objectReference: {fileID: 0}
    - target: {fileID: 1892930606890554768, guid: 8cd0bcb3286e7af4491ea97051786f81,
        type: 3}
      propertyPath: m_LocalScale.y
      value: 1
      objectReference: {fileID: 0}
    - target: {fileID: 1892930606890554768, guid: 8cd0bcb3286e7af4491ea97051786f81,
        type: 3}
      propertyPath: m_LocalScale.z
      value: 0.39999992
      objectReference: {fileID: 0}
    - target: {fileID: 3179070211084773251, guid: 8cd0bcb3286e7af4491ea97051786f81,
        type: 3}
      propertyPath: m_Name
      value: torch_big
      objectReference: {fileID: 0}
    m_RemovedComponents: []
  m_SourcePrefab: {fileID: 100100000, guid: 8cd0bcb3286e7af4491ea97051786f81, type: 3}
--- !u!4 &2907328613477838646 stripped
Transform:
  m_CorrespondingSourceObject: {fileID: 1892930606890554768, guid: 8cd0bcb3286e7af4491ea97051786f81,
    type: 3}
  m_PrefabInstance: {fileID: 3611303764776057510}
  m_PrefabAsset: {fileID: 0}
--- !u!1001 &3780487853577577973
PrefabInstance:
  m_ObjectHideFlags: 0
  serializedVersion: 2
  m_Modification:
    m_TransformParent: {fileID: 3833937490938898934}
    m_Modifications:
    - target: {fileID: 1323802825151556180, guid: 59327936d641c4449b7c20602dd8c6e2,
        type: 3}
      propertyPath: m_LocalPosition.x
      value: -0.025
      objectReference: {fileID: 0}
    - target: {fileID: 1323802825151556180, guid: 59327936d641c4449b7c20602dd8c6e2,
        type: 3}
      propertyPath: m_LocalPosition.y
      value: 0.0022
      objectReference: {fileID: 0}
    - target: {fileID: 1323802825151556180, guid: 59327936d641c4449b7c20602dd8c6e2,
        type: 3}
      propertyPath: m_LocalPosition.z
      value: -0.02500001
      objectReference: {fileID: 0}
    - target: {fileID: 1323802825151556180, guid: 59327936d641c4449b7c20602dd8c6e2,
        type: 3}
      propertyPath: m_LocalRotation.x
      value: -0.00000005760116
      objectReference: {fileID: 0}
    - target: {fileID: 1323802825151556180, guid: 59327936d641c4449b7c20602dd8c6e2,
        type: 3}
      propertyPath: m_LocalRotation.y
      value: 0.7071068
      objectReference: {fileID: 0}
    - target: {fileID: 1323802825151556180, guid: 59327936d641c4449b7c20602dd8c6e2,
        type: 3}
      propertyPath: m_LocalRotation.z
      value: 0.00000005760116
      objectReference: {fileID: 0}
    - target: {fileID: 1323802825151556180, guid: 59327936d641c4449b7c20602dd8c6e2,
        type: 3}
      propertyPath: m_LocalRotation.w
      value: 0.7071068
      objectReference: {fileID: 0}
    - target: {fileID: 1323802825151556180, guid: 59327936d641c4449b7c20602dd8c6e2,
        type: 3}
      propertyPath: m_RootOrder
      value: 5
      objectReference: {fileID: 0}
    - target: {fileID: 1323802825151556180, guid: 59327936d641c4449b7c20602dd8c6e2,
        type: 3}
      propertyPath: m_LocalEulerAnglesHint.x
      value: 0
      objectReference: {fileID: 0}
    - target: {fileID: 1323802825151556180, guid: 59327936d641c4449b7c20602dd8c6e2,
        type: 3}
      propertyPath: m_LocalEulerAnglesHint.y
      value: 180
      objectReference: {fileID: 0}
    - target: {fileID: 1323802825151556180, guid: 59327936d641c4449b7c20602dd8c6e2,
        type: 3}
      propertyPath: m_LocalEulerAnglesHint.z
      value: 0
      objectReference: {fileID: 0}
    - target: {fileID: 1323802825151556180, guid: 59327936d641c4449b7c20602dd8c6e2,
        type: 3}
      propertyPath: m_LocalScale.x
      value: 0.39999992
      objectReference: {fileID: 0}
    - target: {fileID: 1323802825151556180, guid: 59327936d641c4449b7c20602dd8c6e2,
        type: 3}
      propertyPath: m_LocalScale.y
      value: 1
      objectReference: {fileID: 0}
    - target: {fileID: 1323802825151556180, guid: 59327936d641c4449b7c20602dd8c6e2,
        type: 3}
      propertyPath: m_LocalScale.z
      value: 0.39999992
      objectReference: {fileID: 0}
    - target: {fileID: 2595285593550739527, guid: 59327936d641c4449b7c20602dd8c6e2,
        type: 3}
      propertyPath: m_Name
      value: column_two 1 (1)
      objectReference: {fileID: 0}
    m_RemovedComponents: []
  m_SourcePrefab: {fileID: 100100000, guid: 59327936d641c4449b7c20602dd8c6e2, type: 3}
--- !u!4 &2749986383135936417 stripped
Transform:
  m_CorrespondingSourceObject: {fileID: 1323802825151556180, guid: 59327936d641c4449b7c20602dd8c6e2,
    type: 3}
  m_PrefabInstance: {fileID: 3780487853577577973}
  m_PrefabAsset: {fileID: 0}
--- !u!1001 &3837214205195861658
PrefabInstance:
  m_ObjectHideFlags: 0
  serializedVersion: 2
  m_Modification:
    m_TransformParent: {fileID: 3748683660537080749}
    m_Modifications:
    - target: {fileID: 1978395009166568160, guid: a0e09c86a8483d74db5608031b98a666,
        type: 3}
      propertyPath: m_Name
      value: Area Light
      objectReference: {fileID: 0}
    - target: {fileID: 6086936282288297321, guid: a0e09c86a8483d74db5608031b98a666,
        type: 3}
      propertyPath: m_LocalPosition.x
      value: 0
      objectReference: {fileID: 0}
    - target: {fileID: 6086936282288297321, guid: a0e09c86a8483d74db5608031b98a666,
        type: 3}
      propertyPath: m_LocalPosition.y
      value: 0.023339998
      objectReference: {fileID: 0}
    - target: {fileID: 6086936282288297321, guid: a0e09c86a8483d74db5608031b98a666,
        type: 3}
      propertyPath: m_LocalPosition.z
      value: 0
      objectReference: {fileID: 0}
    - target: {fileID: 6086936282288297321, guid: a0e09c86a8483d74db5608031b98a666,
        type: 3}
      propertyPath: m_LocalRotation.x
      value: -0
      objectReference: {fileID: 0}
    - target: {fileID: 6086936282288297321, guid: a0e09c86a8483d74db5608031b98a666,
        type: 3}
      propertyPath: m_LocalRotation.y
      value: -0
      objectReference: {fileID: 0}
    - target: {fileID: 6086936282288297321, guid: a0e09c86a8483d74db5608031b98a666,
        type: 3}
      propertyPath: m_LocalRotation.z
      value: -0
      objectReference: {fileID: 0}
    - target: {fileID: 6086936282288297321, guid: a0e09c86a8483d74db5608031b98a666,
        type: 3}
      propertyPath: m_LocalRotation.w
      value: 1
      objectReference: {fileID: 0}
    - target: {fileID: 6086936282288297321, guid: a0e09c86a8483d74db5608031b98a666,
        type: 3}
      propertyPath: m_RootOrder
      value: 0
      objectReference: {fileID: 0}
    - target: {fileID: 6086936282288297321, guid: a0e09c86a8483d74db5608031b98a666,
        type: 3}
      propertyPath: m_LocalEulerAnglesHint.x
      value: 90
      objectReference: {fileID: 0}
    - target: {fileID: 6086936282288297321, guid: a0e09c86a8483d74db5608031b98a666,
        type: 3}
      propertyPath: m_LocalEulerAnglesHint.y
      value: 0
      objectReference: {fileID: 0}
    - target: {fileID: 6086936282288297321, guid: a0e09c86a8483d74db5608031b98a666,
        type: 3}
      propertyPath: m_LocalEulerAnglesHint.z
      value: 0
      objectReference: {fileID: 0}
    m_RemovedComponents: []
  m_SourcePrefab: {fileID: 100100000, guid: a0e09c86a8483d74db5608031b98a666, type: 3}
--- !u!1001 &3957190058315607136
PrefabInstance:
  m_ObjectHideFlags: 0
  serializedVersion: 2
  m_Modification:
    m_TransformParent: {fileID: 3833937490938898934}
    m_Modifications:
    - target: {fileID: 5691923941493894844, guid: 3bf1ef901993266488a8536ca7269371,
        type: 3}
      propertyPath: m_Name
      value: box_2 (1)
      objectReference: {fileID: 0}
    - target: {fileID: 8693811442708520111, guid: 3bf1ef901993266488a8536ca7269371,
        type: 3}
      propertyPath: m_LocalPosition.x
      value: 0.00504
      objectReference: {fileID: 0}
    - target: {fileID: 8693811442708520111, guid: 3bf1ef901993266488a8536ca7269371,
        type: 3}
      propertyPath: m_LocalPosition.y
      value: 0.0019
      objectReference: {fileID: 0}
    - target: {fileID: 8693811442708520111, guid: 3bf1ef901993266488a8536ca7269371,
        type: 3}
      propertyPath: m_LocalPosition.z
      value: 0.039
      objectReference: {fileID: 0}
    - target: {fileID: 8693811442708520111, guid: 3bf1ef901993266488a8536ca7269371,
        type: 3}
      propertyPath: m_LocalRotation.x
      value: 0.00000005760116
      objectReference: {fileID: 0}
    - target: {fileID: 8693811442708520111, guid: 3bf1ef901993266488a8536ca7269371,
        type: 3}
      propertyPath: m_LocalRotation.y
      value: -0.7071068
      objectReference: {fileID: 0}
    - target: {fileID: 8693811442708520111, guid: 3bf1ef901993266488a8536ca7269371,
        type: 3}
      propertyPath: m_LocalRotation.z
      value: 0.00000005760116
      objectReference: {fileID: 0}
    - target: {fileID: 8693811442708520111, guid: 3bf1ef901993266488a8536ca7269371,
        type: 3}
      propertyPath: m_LocalRotation.w
      value: 0.7071068
      objectReference: {fileID: 0}
    - target: {fileID: 8693811442708520111, guid: 3bf1ef901993266488a8536ca7269371,
        type: 3}
      propertyPath: m_RootOrder
      value: 10
      objectReference: {fileID: 0}
    - target: {fileID: 8693811442708520111, guid: 3bf1ef901993266488a8536ca7269371,
        type: 3}
      propertyPath: m_LocalEulerAnglesHint.x
      value: 0
      objectReference: {fileID: 0}
    - target: {fileID: 8693811442708520111, guid: 3bf1ef901993266488a8536ca7269371,
        type: 3}
      propertyPath: m_LocalEulerAnglesHint.y
      value: 0
      objectReference: {fileID: 0}
    - target: {fileID: 8693811442708520111, guid: 3bf1ef901993266488a8536ca7269371,
        type: 3}
      propertyPath: m_LocalEulerAnglesHint.z
      value: 0
      objectReference: {fileID: 0}
    - target: {fileID: 8693811442708520111, guid: 3bf1ef901993266488a8536ca7269371,
        type: 3}
      propertyPath: m_LocalScale.x
      value: 0.39999992
      objectReference: {fileID: 0}
    - target: {fileID: 8693811442708520111, guid: 3bf1ef901993266488a8536ca7269371,
        type: 3}
      propertyPath: m_LocalScale.y
      value: 1
      objectReference: {fileID: 0}
    - target: {fileID: 8693811442708520111, guid: 3bf1ef901993266488a8536ca7269371,
        type: 3}
      propertyPath: m_LocalScale.z
      value: 0.39999992
      objectReference: {fileID: 0}
    m_RemovedComponents: []
  m_SourcePrefab: {fileID: 100100000, guid: 3bf1ef901993266488a8536ca7269371, type: 3}
--- !u!4 &5641985684161294543 stripped
Transform:
  m_CorrespondingSourceObject: {fileID: 8693811442708520111, guid: 3bf1ef901993266488a8536ca7269371,
    type: 3}
  m_PrefabInstance: {fileID: 3957190058315607136}
  m_PrefabAsset: {fileID: 0}
--- !u!1001 &5481356498966040886
PrefabInstance:
  m_ObjectHideFlags: 0
  serializedVersion: 2
  m_Modification:
    m_TransformParent: {fileID: 3833937490938898934}
    m_Modifications:
    - target: {fileID: 5192870057485661048, guid: c54090c970376f640bd78201583a9984,
        type: 3}
      propertyPath: m_LocalPosition.x
      value: 0.02500001
      objectReference: {fileID: 0}
    - target: {fileID: 5192870057485661048, guid: c54090c970376f640bd78201583a9984,
        type: 3}
      propertyPath: m_LocalPosition.y
      value: 0.0022
      objectReference: {fileID: 0}
    - target: {fileID: 5192870057485661048, guid: c54090c970376f640bd78201583a9984,
        type: 3}
      propertyPath: m_LocalPosition.z
      value: -0.025
      objectReference: {fileID: 0}
    - target: {fileID: 5192870057485661048, guid: c54090c970376f640bd78201583a9984,
        type: 3}
      propertyPath: m_LocalRotation.x
      value: -0
      objectReference: {fileID: 0}
    - target: {fileID: 5192870057485661048, guid: c54090c970376f640bd78201583a9984,
        type: 3}
      propertyPath: m_LocalRotation.y
      value: 0.7071068
      objectReference: {fileID: 0}
    - target: {fileID: 5192870057485661048, guid: c54090c970376f640bd78201583a9984,
        type: 3}
      propertyPath: m_LocalRotation.z
      value: 0.00000008146034
      objectReference: {fileID: 0}
    - target: {fileID: 5192870057485661048, guid: c54090c970376f640bd78201583a9984,
        type: 3}
      propertyPath: m_LocalRotation.w
      value: 0.7071068
      objectReference: {fileID: 0}
    - target: {fileID: 5192870057485661048, guid: c54090c970376f640bd78201583a9984,
        type: 3}
      propertyPath: m_RootOrder
      value: 3
      objectReference: {fileID: 0}
    - target: {fileID: 5192870057485661048, guid: c54090c970376f640bd78201583a9984,
        type: 3}
      propertyPath: m_LocalEulerAnglesHint.x
      value: 0
      objectReference: {fileID: 0}
    - target: {fileID: 5192870057485661048, guid: c54090c970376f640bd78201583a9984,
        type: 3}
      propertyPath: m_LocalEulerAnglesHint.y
      value: 90
      objectReference: {fileID: 0}
    - target: {fileID: 5192870057485661048, guid: c54090c970376f640bd78201583a9984,
        type: 3}
      propertyPath: m_LocalEulerAnglesHint.z
      value: 0
      objectReference: {fileID: 0}
    - target: {fileID: 5192870057485661048, guid: c54090c970376f640bd78201583a9984,
        type: 3}
      propertyPath: m_LocalScale.x
      value: 0.4000002
      objectReference: {fileID: 0}
    - target: {fileID: 5192870057485661048, guid: c54090c970376f640bd78201583a9984,
        type: 3}
      propertyPath: m_LocalScale.y
      value: 1
      objectReference: {fileID: 0}
    - target: {fileID: 5192870057485661048, guid: c54090c970376f640bd78201583a9984,
        type: 3}
      propertyPath: m_LocalScale.z
      value: 0.4000002
      objectReference: {fileID: 0}
    - target: {fileID: 9100541285242437995, guid: c54090c970376f640bd78201583a9984,
        type: 3}
      propertyPath: m_Name
      value: column_one 1
      objectReference: {fileID: 0}
    m_RemovedComponents: []
  m_SourcePrefab: {fileID: 100100000, guid: c54090c970376f640bd78201583a9984, type: 3}
--- !u!4 &288643226210378318 stripped
Transform:
  m_CorrespondingSourceObject: {fileID: 5192870057485661048, guid: c54090c970376f640bd78201583a9984,
    type: 3}
  m_PrefabInstance: {fileID: 5481356498966040886}
  m_PrefabAsset: {fileID: 0}
--- !u!1001 &6732266899488595841
PrefabInstance:
  m_ObjectHideFlags: 0
  serializedVersion: 2
  m_Modification:
    m_TransformParent: {fileID: 3833937490938898934}
    m_Modifications:
    - target: {fileID: 5192870057485661048, guid: c54090c970376f640bd78201583a9984,
        type: 3}
      propertyPath: m_LocalPosition.x
      value: -0.02500001
      objectReference: {fileID: 0}
    - target: {fileID: 5192870057485661048, guid: c54090c970376f640bd78201583a9984,
        type: 3}
      propertyPath: m_LocalPosition.y
      value: 0.0022
      objectReference: {fileID: 0}
    - target: {fileID: 5192870057485661048, guid: c54090c970376f640bd78201583a9984,
        type: 3}
      propertyPath: m_LocalPosition.z
      value: 0.025
      objectReference: {fileID: 0}
    - target: {fileID: 5192870057485661048, guid: c54090c970376f640bd78201583a9984,
        type: 3}
      propertyPath: m_LocalRotation.x
      value: 0.00000005760116
      objectReference: {fileID: 0}
    - target: {fileID: 5192870057485661048, guid: c54090c970376f640bd78201583a9984,
        type: 3}
      propertyPath: m_LocalRotation.y
      value: -0.7071068
      objectReference: {fileID: 0}
    - target: {fileID: 5192870057485661048, guid: c54090c970376f640bd78201583a9984,
        type: 3}
      propertyPath: m_LocalRotation.z
      value: 0.00000005760116
      objectReference: {fileID: 0}
    - target: {fileID: 5192870057485661048, guid: c54090c970376f640bd78201583a9984,
        type: 3}
      propertyPath: m_LocalRotation.w
      value: 0.7071068
      objectReference: {fileID: 0}
    - target: {fileID: 5192870057485661048, guid: c54090c970376f640bd78201583a9984,
        type: 3}
      propertyPath: m_RootOrder
      value: 4
      objectReference: {fileID: 0}
    - target: {fileID: 5192870057485661048, guid: c54090c970376f640bd78201583a9984,
        type: 3}
      propertyPath: m_LocalEulerAnglesHint.x
      value: 0
      objectReference: {fileID: 0}
    - target: {fileID: 5192870057485661048, guid: c54090c970376f640bd78201583a9984,
        type: 3}
      propertyPath: m_LocalEulerAnglesHint.y
      value: 0
      objectReference: {fileID: 0}
    - target: {fileID: 5192870057485661048, guid: c54090c970376f640bd78201583a9984,
        type: 3}
      propertyPath: m_LocalEulerAnglesHint.z
      value: 0
      objectReference: {fileID: 0}
    - target: {fileID: 5192870057485661048, guid: c54090c970376f640bd78201583a9984,
        type: 3}
      propertyPath: m_LocalScale.x
      value: 0.39999992
      objectReference: {fileID: 0}
    - target: {fileID: 5192870057485661048, guid: c54090c970376f640bd78201583a9984,
        type: 3}
      propertyPath: m_LocalScale.y
      value: 1
      objectReference: {fileID: 0}
    - target: {fileID: 5192870057485661048, guid: c54090c970376f640bd78201583a9984,
        type: 3}
      propertyPath: m_LocalScale.z
      value: 0.39999992
      objectReference: {fileID: 0}
    - target: {fileID: 9100541285242437995, guid: c54090c970376f640bd78201583a9984,
        type: 3}
      propertyPath: m_Name
      value: column_one 1 (1)
      objectReference: {fileID: 0}
    m_RemovedComponents: []
  m_SourcePrefab: {fileID: 100100000, guid: c54090c970376f640bd78201583a9984, type: 3}
--- !u!4 &1548418992041012473 stripped
Transform:
  m_CorrespondingSourceObject: {fileID: 5192870057485661048, guid: c54090c970376f640bd78201583a9984,
    type: 3}
  m_PrefabInstance: {fileID: 6732266899488595841}
  m_PrefabAsset: {fileID: 0}
--- !u!1001 &7152216026925982252
PrefabInstance:
  m_ObjectHideFlags: 0
  serializedVersion: 2
  m_Modification:
    m_TransformParent: {fileID: 3833937490938898934}
    m_Modifications:
    - target: {fileID: 895328907490266142, guid: 365a33180e9a1af4da3072f9c42edab6,
        type: 3}
      propertyPath: m_Name
      value: cup
      objectReference: {fileID: 0}
    - target: {fileID: 4194963677978197517, guid: 365a33180e9a1af4da3072f9c42edab6,
        type: 3}
      propertyPath: m_LocalPosition.x
      value: 0.019239767
      objectReference: {fileID: 0}
    - target: {fileID: 4194963677978197517, guid: 365a33180e9a1af4da3072f9c42edab6,
        type: 3}
      propertyPath: m_LocalPosition.y
      value: 0.013200002
      objectReference: {fileID: 0}
    - target: {fileID: 4194963677978197517, guid: 365a33180e9a1af4da3072f9c42edab6,
        type: 3}
      propertyPath: m_LocalPosition.z
      value: 0.038511448
      objectReference: {fileID: 0}
    - target: {fileID: 4194963677978197517, guid: 365a33180e9a1af4da3072f9c42edab6,
        type: 3}
      propertyPath: m_LocalRotation.x
      value: 0.00000005760116
      objectReference: {fileID: 0}
    - target: {fileID: 4194963677978197517, guid: 365a33180e9a1af4da3072f9c42edab6,
        type: 3}
      propertyPath: m_LocalRotation.y
      value: -0.7071068
      objectReference: {fileID: 0}
    - target: {fileID: 4194963677978197517, guid: 365a33180e9a1af4da3072f9c42edab6,
        type: 3}
      propertyPath: m_LocalRotation.z
      value: 0.00000005760116
      objectReference: {fileID: 0}
    - target: {fileID: 4194963677978197517, guid: 365a33180e9a1af4da3072f9c42edab6,
        type: 3}
      propertyPath: m_LocalRotation.w
      value: 0.7071068
      objectReference: {fileID: 0}
    - target: {fileID: 4194963677978197517, guid: 365a33180e9a1af4da3072f9c42edab6,
        type: 3}
      propertyPath: m_RootOrder
      value: 14
      objectReference: {fileID: 0}
    - target: {fileID: 4194963677978197517, guid: 365a33180e9a1af4da3072f9c42edab6,
        type: 3}
      propertyPath: m_LocalEulerAnglesHint.x
      value: 0
      objectReference: {fileID: 0}
    - target: {fileID: 4194963677978197517, guid: 365a33180e9a1af4da3072f9c42edab6,
        type: 3}
      propertyPath: m_LocalEulerAnglesHint.y
      value: 0
      objectReference: {fileID: 0}
    - target: {fileID: 4194963677978197517, guid: 365a33180e9a1af4da3072f9c42edab6,
        type: 3}
      propertyPath: m_LocalEulerAnglesHint.z
      value: 0
      objectReference: {fileID: 0}
    - target: {fileID: 4194963677978197517, guid: 365a33180e9a1af4da3072f9c42edab6,
        type: 3}
      propertyPath: m_LocalScale.x
      value: 0.39999992
      objectReference: {fileID: 0}
    - target: {fileID: 4194963677978197517, guid: 365a33180e9a1af4da3072f9c42edab6,
        type: 3}
      propertyPath: m_LocalScale.y
      value: 1
      objectReference: {fileID: 0}
    - target: {fileID: 4194963677978197517, guid: 365a33180e9a1af4da3072f9c42edab6,
        type: 3}
      propertyPath: m_LocalScale.z
      value: 0.39999992
      objectReference: {fileID: 0}
    m_RemovedComponents: []
  m_SourcePrefab: {fileID: 100100000, guid: 365a33180e9a1af4da3072f9c42edab6, type: 3}
--- !u!4 &6446418704149847073 stripped
Transform:
  m_CorrespondingSourceObject: {fileID: 4194963677978197517, guid: 365a33180e9a1af4da3072f9c42edab6,
    type: 3}
  m_PrefabInstance: {fileID: 7152216026925982252}
  m_PrefabAsset: {fileID: 0}
--- !u!1001 &7232843888283035286
PrefabInstance:
  m_ObjectHideFlags: 0
  serializedVersion: 2
  m_Modification:
    m_TransformParent: {fileID: 3833937490938898934}
    m_Modifications:
    - target: {fileID: 5691923941493894844, guid: 3bf1ef901993266488a8536ca7269371,
        type: 3}
      propertyPath: m_Name
      value: box_2 (2)
      objectReference: {fileID: 0}
    - target: {fileID: 8693811442708520111, guid: 3bf1ef901993266488a8536ca7269371,
        type: 3}
      propertyPath: m_LocalPosition.x
      value: -0.00013
      objectReference: {fileID: 0}
    - target: {fileID: 8693811442708520111, guid: 3bf1ef901993266488a8536ca7269371,
        type: 3}
      propertyPath: m_LocalPosition.y
      value: 0.0019
      objectReference: {fileID: 0}
    - target: {fileID: 8693811442708520111, guid: 3bf1ef901993266488a8536ca7269371,
        type: 3}
      propertyPath: m_LocalPosition.z
      value: 0.039
      objectReference: {fileID: 0}
    - target: {fileID: 8693811442708520111, guid: 3bf1ef901993266488a8536ca7269371,
        type: 3}
      propertyPath: m_LocalRotation.x
      value: 0.00000005760116
      objectReference: {fileID: 0}
    - target: {fileID: 8693811442708520111, guid: 3bf1ef901993266488a8536ca7269371,
        type: 3}
      propertyPath: m_LocalRotation.y
      value: -0.7071068
      objectReference: {fileID: 0}
    - target: {fileID: 8693811442708520111, guid: 3bf1ef901993266488a8536ca7269371,
        type: 3}
      propertyPath: m_LocalRotation.z
      value: 0.00000005760116
      objectReference: {fileID: 0}
    - target: {fileID: 8693811442708520111, guid: 3bf1ef901993266488a8536ca7269371,
        type: 3}
      propertyPath: m_LocalRotation.w
      value: 0.7071068
      objectReference: {fileID: 0}
    - target: {fileID: 8693811442708520111, guid: 3bf1ef901993266488a8536ca7269371,
        type: 3}
      propertyPath: m_RootOrder
      value: 11
      objectReference: {fileID: 0}
    - target: {fileID: 8693811442708520111, guid: 3bf1ef901993266488a8536ca7269371,
        type: 3}
      propertyPath: m_LocalEulerAnglesHint.x
      value: 0
      objectReference: {fileID: 0}
    - target: {fileID: 8693811442708520111, guid: 3bf1ef901993266488a8536ca7269371,
        type: 3}
      propertyPath: m_LocalEulerAnglesHint.y
      value: 0
      objectReference: {fileID: 0}
    - target: {fileID: 8693811442708520111, guid: 3bf1ef901993266488a8536ca7269371,
        type: 3}
      propertyPath: m_LocalEulerAnglesHint.z
      value: 0
      objectReference: {fileID: 0}
    - target: {fileID: 8693811442708520111, guid: 3bf1ef901993266488a8536ca7269371,
        type: 3}
      propertyPath: m_LocalScale.x
      value: 0.39999992
      objectReference: {fileID: 0}
    - target: {fileID: 8693811442708520111, guid: 3bf1ef901993266488a8536ca7269371,
        type: 3}
      propertyPath: m_LocalScale.y
      value: 1
      objectReference: {fileID: 0}
    - target: {fileID: 8693811442708520111, guid: 3bf1ef901993266488a8536ca7269371,
        type: 3}
      propertyPath: m_LocalScale.z
      value: 0.39999992
      objectReference: {fileID: 0}
    m_RemovedComponents: []
  m_SourcePrefab: {fileID: 100100000, guid: 3bf1ef901993266488a8536ca7269371, type: 3}
--- !u!4 &2073527489273608761 stripped
Transform:
  m_CorrespondingSourceObject: {fileID: 8693811442708520111, guid: 3bf1ef901993266488a8536ca7269371,
    type: 3}
  m_PrefabInstance: {fileID: 7232843888283035286}
  m_PrefabAsset: {fileID: 0}
--- !u!1001 &7719625154122446286
PrefabInstance:
  m_ObjectHideFlags: 0
  serializedVersion: 2
  m_Modification:
    m_TransformParent: {fileID: 3833937490938898934}
    m_Modifications:
    - target: {fileID: 2094093349535413950, guid: 5d7aac11c05f89146bca2db1bc806666,
        type: 3}
      propertyPath: m_LocalPosition.x
      value: 0.0188
      objectReference: {fileID: 0}
    - target: {fileID: 2094093349535413950, guid: 5d7aac11c05f89146bca2db1bc806666,
        type: 3}
      propertyPath: m_LocalPosition.y
      value: 0.002
      objectReference: {fileID: 0}
    - target: {fileID: 2094093349535413950, guid: 5d7aac11c05f89146bca2db1bc806666,
        type: 3}
      propertyPath: m_LocalPosition.z
      value: 0.0394
      objectReference: {fileID: 0}
    - target: {fileID: 2094093349535413950, guid: 5d7aac11c05f89146bca2db1bc806666,
        type: 3}
      propertyPath: m_LocalRotation.x
      value: 0.00000005760116
      objectReference: {fileID: 0}
    - target: {fileID: 2094093349535413950, guid: 5d7aac11c05f89146bca2db1bc806666,
        type: 3}
      propertyPath: m_LocalRotation.y
      value: -0.7071068
      objectReference: {fileID: 0}
    - target: {fileID: 2094093349535413950, guid: 5d7aac11c05f89146bca2db1bc806666,
        type: 3}
      propertyPath: m_LocalRotation.z
      value: 0.00000005760116
      objectReference: {fileID: 0}
    - target: {fileID: 2094093349535413950, guid: 5d7aac11c05f89146bca2db1bc806666,
        type: 3}
      propertyPath: m_LocalRotation.w
      value: 0.7071068
      objectReference: {fileID: 0}
    - target: {fileID: 2094093349535413950, guid: 5d7aac11c05f89146bca2db1bc806666,
        type: 3}
      propertyPath: m_RootOrder
      value: 13
      objectReference: {fileID: 0}
    - target: {fileID: 2094093349535413950, guid: 5d7aac11c05f89146bca2db1bc806666,
        type: 3}
      propertyPath: m_LocalEulerAnglesHint.x
      value: 0
      objectReference: {fileID: 0}
    - target: {fileID: 2094093349535413950, guid: 5d7aac11c05f89146bca2db1bc806666,
        type: 3}
      propertyPath: m_LocalEulerAnglesHint.y
      value: 0
      objectReference: {fileID: 0}
    - target: {fileID: 2094093349535413950, guid: 5d7aac11c05f89146bca2db1bc806666,
        type: 3}
      propertyPath: m_LocalEulerAnglesHint.z
      value: 0
      objectReference: {fileID: 0}
    - target: {fileID: 2094093349535413950, guid: 5d7aac11c05f89146bca2db1bc806666,
        type: 3}
      propertyPath: m_LocalScale.x
      value: 0.39999992
      objectReference: {fileID: 0}
    - target: {fileID: 2094093349535413950, guid: 5d7aac11c05f89146bca2db1bc806666,
        type: 3}
      propertyPath: m_LocalScale.y
      value: 1
      objectReference: {fileID: 0}
    - target: {fileID: 2094093349535413950, guid: 5d7aac11c05f89146bca2db1bc806666,
        type: 3}
      propertyPath: m_LocalScale.z
      value: 0.39999992
      objectReference: {fileID: 0}
    - target: {fileID: 2094093349535413953, guid: 5d7aac11c05f89146bca2db1bc806666,
        type: 3}
      propertyPath: m_Name
      value: box_1
      objectReference: {fileID: 0}
    m_RemovedComponents: []
  m_SourcePrefab: {fileID: 100100000, guid: 5d7aac11c05f89146bca2db1bc806666, type: 3}
--- !u!4 &8515788901216125808 stripped
Transform:
  m_CorrespondingSourceObject: {fileID: 2094093349535413950, guid: 5d7aac11c05f89146bca2db1bc806666,
    type: 3}
  m_PrefabInstance: {fileID: 7719625154122446286}
  m_PrefabAsset: {fileID: 0}
--- !u!1001 &8465924431901726483
PrefabInstance:
  m_ObjectHideFlags: 0
  serializedVersion: 2
  m_Modification:
    m_TransformParent: {fileID: 3833937490938898934}
    m_Modifications:
    - target: {fileID: 5192870057485661048, guid: c54090c970376f640bd78201583a9984,
        type: 3}
      propertyPath: m_LocalPosition.x
      value: 0.025
      objectReference: {fileID: 0}
    - target: {fileID: 5192870057485661048, guid: c54090c970376f640bd78201583a9984,
        type: 3}
      propertyPath: m_LocalPosition.y
      value: 0.0022
      objectReference: {fileID: 0}
    - target: {fileID: 5192870057485661048, guid: c54090c970376f640bd78201583a9984,
        type: 3}
      propertyPath: m_LocalPosition.z
      value: 0.02500001
      objectReference: {fileID: 0}
    - target: {fileID: 5192870057485661048, guid: c54090c970376f640bd78201583a9984,
        type: 3}
      propertyPath: m_LocalRotation.x
      value: 0.00000005760116
      objectReference: {fileID: 0}
    - target: {fileID: 5192870057485661048, guid: c54090c970376f640bd78201583a9984,
        type: 3}
      propertyPath: m_LocalRotation.y
      value: -0.7071068
      objectReference: {fileID: 0}
    - target: {fileID: 5192870057485661048, guid: c54090c970376f640bd78201583a9984,
        type: 3}
      propertyPath: m_LocalRotation.z
      value: 0.00000005760116
      objectReference: {fileID: 0}
    - target: {fileID: 5192870057485661048, guid: c54090c970376f640bd78201583a9984,
        type: 3}
      propertyPath: m_LocalRotation.w
      value: 0.7071068
      objectReference: {fileID: 0}
    - target: {fileID: 5192870057485661048, guid: c54090c970376f640bd78201583a9984,
        type: 3}
      propertyPath: m_RootOrder
      value: 6
      objectReference: {fileID: 0}
    - target: {fileID: 5192870057485661048, guid: c54090c970376f640bd78201583a9984,
        type: 3}
      propertyPath: m_LocalEulerAnglesHint.x
      value: 0
      objectReference: {fileID: 0}
    - target: {fileID: 5192870057485661048, guid: c54090c970376f640bd78201583a9984,
        type: 3}
      propertyPath: m_LocalEulerAnglesHint.y
      value: 0
      objectReference: {fileID: 0}
    - target: {fileID: 5192870057485661048, guid: c54090c970376f640bd78201583a9984,
        type: 3}
      propertyPath: m_LocalEulerAnglesHint.z
      value: 0
      objectReference: {fileID: 0}
    - target: {fileID: 5192870057485661048, guid: c54090c970376f640bd78201583a9984,
        type: 3}
      propertyPath: m_LocalScale.x
      value: 0.39999992
      objectReference: {fileID: 0}
    - target: {fileID: 5192870057485661048, guid: c54090c970376f640bd78201583a9984,
        type: 3}
      propertyPath: m_LocalScale.y
      value: 1
      objectReference: {fileID: 0}
    - target: {fileID: 5192870057485661048, guid: c54090c970376f640bd78201583a9984,
        type: 3}
      propertyPath: m_LocalScale.z
      value: 0.39999992
      objectReference: {fileID: 0}
    - target: {fileID: 9100541285242437995, guid: c54090c970376f640bd78201583a9984,
        type: 3}
      propertyPath: m_Name
      value: column_one 1 (2)
      objectReference: {fileID: 0}
    m_RemovedComponents: []
  m_SourcePrefab: {fileID: 100100000, guid: c54090c970376f640bd78201583a9984, type: 3}
--- !u!4 &4426412431484150891 stripped
Transform:
  m_CorrespondingSourceObject: {fileID: 5192870057485661048, guid: c54090c970376f640bd78201583a9984,
    type: 3}
  m_PrefabInstance: {fileID: 8465924431901726483}
  m_PrefabAsset: {fileID: 0}
